@online{easyocr_2024,
    author = {rkcosmos},
    title = {easyocr 1.7.2},
    year = {2024},
    url = {https://pypi.org/project/easyocr/},
    urldate = {2024-12-03}
}

@online{pytesseract_2024,
    title = {pytesseract 0.3.13},
    year = {2024},
    url = {https://pypi.org/project/pytesseract/},
    urldate = {2024-01-24}
}

@online{doctr_2024,
    author = {techmindee},
    title = {python-doctr 0.10.0},
    year = {2024},
    url = {https://pypi.org/project/python-doctr/},
    urldate = {2024-12-03}
}

@online{keras_ocr_2023,
    author = {faustomorales},
    title = {keras-ocr 0.9.3},
    year = {2023},
    url = {https://pypi.org/project/keras-ocr/},
    urldate = {2024-12-03}
}

@online{opencv_filter2d_2024,
    title = {Making your own linear filters},
    url = {https://docs.opencv.org/3.4/d4/dbd/tutorial_filter_2d.html},
    urldate = {2024-11-18}
}

@online{opencv_template_matching_2024,
    author = {-},
    title = {Template Matching},
    year = {-},
    url = {https://docs.opencv.org/3.4/d4/dc6/tutorial_py_template_matching.html},
    urldate = {2024-11-18}
}

@online{opencv_findContours_2024,
    title = {OpenCV Documentation findContours},
    url = {https://docs.opencv.org/3.4/d3/dc0/group__imgproc__shape.html#ga17ed9f5d79ae97bd4c7cf18403e1689a},
    urldate = {2024-11-28}
}

@online{opencv_matchTemplate_2024,
    title = {OpenCV Documentation matchTemplate},
    url = {https://docs.opencv.org/3.4/df/dfb/group__imgproc__object.html#ga586ebfb0a7fb604b35a23d85391329be},
    urldate = {2024-11-28}
}

@online{opencv_comparison_methods_2024,
    title = {matchTemplate comparison methods},
    url = {https://docs.opencv.org/3.4/df/dfb/group__imgproc__object.html#ga3a7850640f1fe1f58fe91a2d7583695d},
    urldate = {2024-11-28}
}

@online{hough_transform_2029,
    title = {Hough Transform},
    url = {https://medium.com/@st1739/hough-transform-287b2dac0c70},
    author = {Surya Teja Karri},
    urldate = {2025-01-23}
}

@article{wei_phung_bouzerdoum_bermak_2015,
    author = {Xue Wei and Son Lam Phung and Abdesselam Bouzerdoum and Amine Bermak},
    journal = {2015 Visual Communications and Image Processing (VCIP)},
    number = {10.1109/VCIP.2015.7457793},
    title = {Invariant image recognition under projective deformations: An image normalization approach},
    year = {2015}
}

@article{mani_haddad_constantini_douhard_li_poirier_2020,
    author = {Shouvik Mani and Michael A. Haddad and Dan Constantini and Willy Douhard and Qiwei Li and Louis Poirier},
    journal = {2020 IEEE/CVF Conference on Computer Vision and Pattern Recognition Workshops (CVPRW)},
    number = {10.1109/CVPRW50498.2020.00096},
    title = {Automatic Digitization of Engineering Diagrams using Deep Learning and Graph Search},
    year = {2020}
}

@article{waldvogel_annighoefer_models_2024,
    author = {Andreas Waldvogel and Bjoern Annighoefer},
    booktitle = {MODELS Companion '24: Proceedings of the ACM/IEEE 27th International Conference on Model Driven Engineering Languages and Systems},
    title = {Model-based Block Diagram Recognition for Model Visualization Verification},
    year = {2024}
}

@article{douglas_peucker_1973,
    author = {David H Douglas and Thomas K Peucker},
    title = {Algorithms for the reduction of the number of points required to represent a digitized line or its caricature},
    journal = {Cartographica: The International Journal for Geographic Information and Geovisualization - 10 (2): 112–122},
    year = {1973}
}

@article{waldvogel_annighoefer_2024,
    author = {Andres Waldvogel and Bjoern Annighoefer},
    title = {Model-based Block Diagram Recognition for Model Visualization Verification},
    year = {2024}
}

@article{suzuki_1985,
    author = {Satoshi Suzuki and others},
    title = {Topological structural analysis of digitized binary images by border following},
    journal = {Computer Vision, Graphics, and Image Processing - 30(1):32–46},
    year = {1985}
}

@article{schaefer_keuper_stuckenschmidt_2021,
    author = {Bernhard Schäfer and, Margret Keuper and Heiner Stuckenschmidt},
    journal = {International Journal on Document Analysis and Recognition (IJDAR) - 24:3–17},
    number = {10.1007/s10032-020-00361-},
    title = {Arrow R-CNN for handwritten diagram recognition},
    year = {2021}
}

@article{fang_feng_cai_2022,
    author = {Jiaqi Fang and Zhen Feng and Bo Cai},
    journal = {Entropy - 19;24(3):425},
    number = {10.3390/e24030425},
    title = {DrawnNet: Offline Hand-Drawn Diagram Recognition Based on Keypoint Prediction of Aggregating Geometric Characteristics},
    year = {2022}
}

@article{yang_wang_zhang_li_wang_yang_shi_2024,
    author = {Lvyang Yang and Jingyu Wang and Jiankang Zhang and Huaiqiang Li and Kangda Wang and Chen Yang and Dongyuan Shi},
    journal = {Expert Systems with Applications - 238;F},
    number = {10.1016/j.eswa.2023.122389},
    title = {Practical single-line diagram recognition based on digital image processing and deep vision models},
    year = {2024}
}

@book{zhang2023dive,
    title = {Dive into Deep Learning},
    author = {Zhang and Aston and Lipton and Zachary C. and Li and Mu and Smola and Alexander J.},
    publisher = {Cambridge University Press},
    note = {\url{https://D2L.ai}},
    year = {2023}
}

@book{szeliski_2022,
    author = {Richard Szeliski},
    title = {Texts in Computer Science - Computer Vision - Algorithms and Applications Second Edition},
    publisher = {Springer},
    isbn = {978-3-030-34374-3},
    year = {2022}
}

@book{kelly_tolvanen_2007,
    author = {Steven Kelly and Juha-Pekka Tolvanen},
    publisher = {Wiley-IEEE Computer Society Pr},
    title = {Domain-Specific Modeling: Enabling Full Code Generation},
    year = {2007}
}

@misc{annighoefer_waldvogel_2024,
    author = {Björn Annighöfer and Andreas Waldvogel},
    howpublished = {Lecture at the University of Stuttgart},
    title = {Domain-specific Modeling and Analysis},
    year = {2024}
}